01REMESSA01       COBRANCA2112151450629000174                               987         EXIMIA               0000001                                                                                                                                                                                                                                                                                  200000001
1AAA            AAA                            AA2155268      20211230 N B        00000000000000            0100008616001401220000000062647         OS3012210000           01401220000000000000             00000000000000 00085236044480  Gabriel Osvaldo Alexandre da Conceicao                      Rua Ismael Benigno00000      0690273250000000000000000000                                         000002
1AAA            AAA                            AA2201173      20211230 N B        00000000000000            0100006947491401220000000046555         OS3012210000           01401220000000000000             00000000000000 00035290344012                       Henry Theo Araujo                   Travessa Santa Tereza00000      0412105100000000000000000000                                         000003
1AAA            AAA                            AA2622532      20211230 N B        00000007360000            0100003881201401220000000048349         OS3012210000           01401220000000000000             00000000000000 00011102320633         Julio Oliver Marcelo Corte Real                        Rua Massaranduba00000      0693073000000000000000000000                                         000004
1AAA            AAA                            AA2975271      20211230 N B        00000000000000            0100003454621401220000000099560         OS3012210000           01401220000000000000             00000000000000 00011903491320             Murilo Edson Caue das Neves                        Avenida Jambeiro00000      0689093220000000000000000000                                         000005
1AAA            AAA                            AA2649306      20211230 N B        00000000000000            0100005142951401220000000097056         OS3012210000         0001401220000000000000             00000000000000 00031111612269                     Luan Ryan Rodrigues                             Beco Tamisa00000      0690635180000000000000000000                                         000006
1AAA            AAA                            AA2176455      20211230 N B        00000006530000            0100005247281401220000000061983         OS3012210000         0281401220000000000000             00000000000000 00062420361423                      Julio Isaac Santos            Rua Nossa Senhora da Vitoria00000      0650572300000000000000000000                                         000007
1AAA            AAA                            AA2097156      20211230 N B        00000000000000            0100007789431401220000000053615         OS3012210000         0001401220000000000000             00000000000000 00035343377351        Vinicius Henrique Filipe Pereira                        Via dos Narcisos00000      0068053200000000000000000000                                         000008
1AAA            AAA                            AA2508563      20211230 N B        00000007710000            0100002244961401220000000034044         OS3012210000         0041401220000000000000             00000000000000 00026906620789            Roberto Kaique Manoel da Paz                           Rua Projetada00000      0640206600000000000000000000                                         000009
1AAA            AAA                            AA2150507      20211230 N B        00000006820000            0100006737751401220000000021089         OS3012210000         0251401220000000000000             00000000000000 00020811585239               Marlene Sophia Elza Sales                                 Rua 33900000      0605307500000000000000000000                                         000010
1AAA            AAA                            AA2796479      20211230 N B        00000004110000            0100002322041401220000000007387         OS3012210000           01401220000000000000             00000000000000 00011966663420                   Isabel Eliane Freitas                             Rua Xavante00000      0660871700000000000000000000                                         000011
1AAA            AAA                            AA2956665      20211230 N B        00000008380000            0100002445371401220000000066614         OS3012210000           01401220000000000000             00000000000000 00064964216500           Sara Eliane Aparecida Drumond                      Chacara Chacara 1500000      0725791500000000000000000000                                         000012
1AAA            AAA                            AA2543446      20211230 N B        00000004560000            0100003361651401220000000067326         OS3012210000         0141401220000000000000             00000000000000 00013908341825               Yuri Tiago Bruno Oliveira                   Avenida Procopio Rola00000      0689010760000000000000000000                                         000013
1AAA            AAA                            AA2132136      20211230 N B        00000007770000            0100003219741401220000000090155         OS3012210000         0321401220000000000000             00000000000000 00058474964199     Adriana Daniela Alessandra de Paula                         Rua Bons Amigos00000      0699220120000000000000000000                                         000014
1AAA            AAA                            AA2421269      20211230 N B        00000000000000            0100005464861401220000000022820         OS3012210000         0001401220000000000000             00000000000000 00007440910397               Carla Flavia Rosa da Mota             Avenida Daniel de La Touche00000      0650610200000000000000000000                                         000015
1AAA            AAA                            AA2970314      20211230 N B        00000004720000            0100006429721401220000000080348         OS3012210000           01401220000000000000             00000000000000 00038549882224           Manoel Murilo Sebastiao Moura                   Praca Gudesteu Mendes00000      0360364300000000000000000000                                         000016
1AAA            AAA                            AA2387433      20211230 N B        00000000000000            0100000224501401220000000035918         OS3012210000         0001401220000000000000             00000000000000 00019814477761              Luis Marcio Benedito Sales                            Avenida W00200000      0758051550000000000000000000                                         000017
1AAA            AAA                            AA2315295      20211230 N B        00000000000000            0100007213401401220000000034770         OS3012210000         0001401220000000000000             00000000000000 00002551594804             Vitor Henry Benicio Cardoso                        Rua Julio Guerra00000      0769074140000000000000000000                                         000018
1AAA            AAA                            AA2459781      20211230 N B        00000000870000            0100001374261401220000000060449         OS3012210000           01401220000000000000             00000000000000 00052926594445                   Gabriel Lucas Cardoso           Rua Transversal Quarenta e Um00000      0238251750000000000000000000                                         000019
1AAA            AAA                            AA2923337      20211230 N B        00000003850000            0100000074381401220000000012486         OS3012210000         0141401220000000000000             00000000000000 00061793237980                    Raquel Mirella Brito                                Rua C  200000      0570256480000000000000000000                                         000020
1AAA            AAA                            AA2352835      20211230 N B        00000006160000            0100006616051401220000000000535         OS3012210000           01401220000000000000             00000000000000 00021897530900                  Eloa Sophia Corte Real                          Avenida Cuiaba00000      0769636650000000000000000000                                         000021
1AAA            AAA                            AA2808072      20211230 N B        00000000400000            0100000031681401220000000032213         OS3012210000         0031401220000000000000             00000000000000 00072119671028        Nathan Marcelo Leonardo da Rocha                       Rua dos Diamantes00000      0291560220000000000000000000                                         000022
1AAA            AAA                            AA2344000      20211230 N B        00000003200000            0100009471561401220000000020356         OS3012210000           01401220000000000000             00000000000000 00020378695509              Henrique Erick Renan Costa               Avenida Euclides da Cunha00000      0689012570000000000000000000                                         000023
1AAA            AAA                            AA2069004      20211230 N B        00000007150000            0100002637101401220000000030681         OS3012210000           01401220000000000000             00000000000000 00098275916143                Vicente Antonio da Rocha                         Rua Rio Tulipas00000      0535705100000000000000000000                                         000024
1AAA            AAA                            AA2310759      20211230 N B        00000004180000            0100009081931401220000000039418         OS3012210000         0121401220000000000000             00000000000000 00026280092348                 Murilo Kaique Goncalves    Rua Padre Dorindo de Oliveira Matias00000      0072614400000000000000000000                                         000025
1AAA            AAA                            AA2949323      20211230 N B        00000000000000            0100009746541401220000000065722         OS3012210000         0001401220000000000000             00000000000000 00023185177894            Breno Caua Lorenzo Rodrigues                         Rua Coelho Neto00000      0291632410000000000000000000                                         000026
1AAA            AAA                            AA2447393      20211230 N B        00000000000000            0100009904961401220000000012154         OS3012210000           01401220000000000000             00000000000000 00001055696075   Filipe Pedro Henrique Raimundo Barros           Rua Raimundo da Silva Briglia00000      0693125250000000000000000000                                         000027
1AAA            AAA                            AA2907885      20211230 N B        00000000000000            0100008488271401220000000020812         OS3012210000           01401220000000000000             00000000000000 00018881446022              Ian Mario Julio Corte RealConjunto Residencial Jose Batista de Alm00000      0570257100000000000000000000                                         000028
1AAA            AAA                            AA2702424      20211230 N B        00000000000000            0100005303791401220000000086210         OS3012210000         0001401220000000000000             00000000000000 00017615644470              Ayla Jennifer Rita da Cruz            Rua Doutor Francisco Beltrao00000      0855065400000000000000000000                                         000029
1AAA            AAA                            AA2204389      20211230 N B        00000004170000            0100007723011401220000000048187         OS3012210000           01401220000000000000             00000000000000 00034993742428                 Emanuel Lorenzo Moreira        Avenida Delfino Francisco Xavier00000      0306641900000000000000000000                                         000030
1AAA            AAA                            AA2077374      20211230 N B        00000000000000            0100001402161401220000000057864         OS3012210000           01401220000000000000             00000000000000 00027478105009                     Levi Marcio Ribeiro                        Rua Andre Vilain00000      0880251600000000000000000000                                         000031
1AAA            AAA                            AA2761813      20211230 N B        00000007640000            0100002757951401220000000080988         OS3012210000           01401220000000000000             00000000000000 00094593840058             Iago Paulo Vicente da Silva     Rua Professora Marisa Machado David00000      0180222900000000000000000000                                         000032
1AAA            AAA                            AA2740784      20211230 N B        00000000000000            0100006147701401220000000035912         OS3012210000         0001401220000000000000             00000000000000 00069814747190                  Eduarda Aparecida Melo                     Rua das Laranjeiras00000      0768115320000000000000000000                                         000033
1AAA            AAA                            AA2724299      20211230 N B        00000006770000            0100005790141401220000000023284         OS3012210000         0091401220000000000000             00000000000000 00076948506984                   Teresinha Lais Mendes                     Rua Joao Lira Braga00000      0588043300000000000000000000                                         000034
1AAA            AAA                            AA2346179      20211230 N B        00000004440000            0100000654991401220000000076710         OS3012210000           01401220000000000000             00000000000000 00002330065167              Alice Amanda Aurora Barros                          Rua Jacob Lyra00000      0133464040000000000000000000                                         000035
1AAA            AAA                            AA2123170      20211230 N B        00000000000000            0100007312931401220000000021682         OS3012210000         0001401220000000000000             00000000000000 00035349410989                 Mirella Marcela Barbosa              Rua Maria da Gloria Castro00000      0360603840000000000000000000                                         000036
1AAA            AAA                            AA2561804      20211230 N B        00000006550000            0100000222871401220000000087328         OS3012210000         0101401220000000000000             00000000000000 00031644770407              Henrique Raul Filipe Pires                  Rua Lea Pabst Craveiro00000      0524901300000000000000000000                                         000037
1AAA            AAA                            AA2634099      20211230 N B        00000000000000            0100003626951401220000000084769         OS3012210000         0001401220000000000000             00000000000000 00025503068564           Rebeca Sophia Claudia Cardoso                                   Rua F00000      0249300080000000000000000000                                         000038
1AAA            AAA                            AA2355207      20211230 N B        00000009140000            0100003286901401220000000048330         OS3012210000         0071401220000000000000             00000000000000 00005435344212                   Camila Elaine Peixoto                      Rua Jardim do Eden00000      0690395200000000000000000000                                         000039
1AAA            AAA                            AA2448541      20211230 N B        00000007610000            0100009589031401220000000094767         OS3012210000           01401220000000000000             00000000000000 00055423211271                     Maite Sophie Galvao                                   Rua 400000      0778148060000000000000000000                                         000040
1AAA            AAA                            AA2039271      20211230 N B        00000000000000            0100005280661401220000000039760         OS3012210000           01401220000000000000             00000000000000 00070751126195         Rosangela Maya Mariah Goncalves                        Travessa Anhanga00000      0417705700000000000000000000                                         000041
1AAA            AAA                            AA2209577      20211230 N B        00000000000000            0100004465571401220000000069136         OS3012210000           01401220000000000000             00000000000000 00062801611026             Jorge Severino Calebe Porto                           Rua Luiz Noya00000      0261131500000000000000000000                                         000042
1AAA            AAA                            AA2576811      20211230 N B        00000000000000            0100004920001401220000000029910         OS3012210000         0001401220000000000000             00000000000000 00088630820659               Diego Samuel Nelson Ramos           Travessa Isaac Jose Rodrigues00000      0490374560000000000000000000                                         000043
1AAA            AAA                            AA2709853      20211230 N B        00000000000000            0100002249181401220000000009717         OS3012210000           01401220000000000000             00000000000000 00096699265725                    Leandro Ryan Moreira                  Rua Adolpho Bressanini00000      0890705440000000000000000000                                         000044
1AAA            AAA                            AA2867542      20211230 N B        00000000000000            0100000087321401220000000036536         OS3012210000         0001401220000000000000             00000000000000 00019357524053                     Leonardo Luan Porto                   Rua Leocadio Carlesso00000      0291954330000000000000000000                                         000045
1AAA            AAA                            AA2193052      20211230 N B        00000001410000            0100009856231401220000000032962         OS3012210000           01401220000000000000             00000000000000 00001439066230                     Lucca Daniel Mendes                     Rua Ataide Henrique00000      0573087180000000000000000000                                         000046
1AAA            AAA                            AA2265494      20211230 N B        00000000000000            0100003304281401220000000005145         OS3012210000         0001401220000000000000             00000000000000 00041006509909        Eduarda Maya Pietra da Conceicao        Alameda Domingos Afonso Mafrense00000      0640047700000000000000000000                                         000047
1AAA            AAA                            AA2210509      20211230 N B        00000001820000            0100000513091401220000000088158         OS3012210000         0051401220000000000000             00000000000000 00094224438810          Nicolas Miguel Augusto da Cruz                  Avenida Venezuela 137800000      0693049700000000000000000000                                         000048
1AAA            AAA                            AA2405466      20211230 N B        00000009950000            0100007913951401220000000085853         OS3012210000         0031401220000000000000             00000000000000 00041735817422              Alicia Bianca Alice Barros                     Rua Francisco Pinto00000      0576083000000000000000000000                                         000049
1AAA            AAA                            AA2725432      20211230 N B        00000000760000            0100000847821401220000000089715         OS3012210000         0041401220000000000000             00000000000000 00039710763199               Elza Kamilly Sara Moreira                       Rua Dois Coracoes00000      0291442750000000000000000000                                         000050
1AAA            AAA                            AA2536331      20211230 N B        00000007570000            0100009797471401220000000043210         OS3012210000           01401220000000000000             00000000000000 00001080358080    Murilo Vicente Pedro Henrique Vieira                    Travessa da Soledade00000      0668110250000000000000000000                                         000051
1AAA            AAA                            AA2399676      20211230 N B        00000002650000            0100007598981401220000000078823         OS3012210000         0091401220000000000000             00000000000000 00085423737230               Alessandra Sophia da Cruz                             Vila Casais00000      0401007800000000000000000000                                         000052
1AAA            AAA                            AA2613632      20211230 N B        00000000000000            0100003966761401220000000006068         OS3012210000         0001401220000000000000             00000000000000 00072049352760          Laura Brenda Sebastiana Farias                1 Travessa Campos Franca00000      0407501080000000000000000000                                         000053
1AAA            AAA                            AA2593948      20211230 N B        00000000560000            0100002848781401220000000033423         OS3012210000           01401220000000000000             00000000000000 00087846630814                Fabiana Silvana Oliveira                  Beco Carpinteiro Peres00000      0690206900000000000000000000                                         000054
1AAA            AAA                            AA2079082      20211230 N B        00000000190000            0100008555891401220000000081939         OS3012210000         0091401220000000000000             00000000000000 00056804649265               Julia Alessandra Silveira                Rua Antonio Jose de Melo00000      0596314810000000000000000000                                         000055
1AAA            AAA                            AA2590926      20211230 N B        00000000000000            0100000362581401220000000040014         OS3012210000         0001401220000000000000             00000000000000 00086603338700           Anthony Victor Benicio Araujo                         Estrada Parolin00000      0870477710000000000000000000                                         000056
1AAA            AAA                            AA2108659      20211230 N B        00000007370000            0100002352991401220000000073888         OS3012210000           01401220000000000000             00000000000000 00028742622859               Noah Victor Luis Carvalho                            Rua do Cravo00000      0768078740000000000000000000                                         000057
1AAA            AAA                            AA2117366      20211230 N B        00000000000000            0100004655001401220000000054677         OS3012210000           01401220000000000000             00000000000000 00076557185470              Marcio Luis Lorenzo Aragao                Quadra 207 Sul Alameda 500000      0770152980000000000000000000                                         000058
1AAA            AAA                            AA2204314      20211230 N B        00000004100000            0100003720151401220000000041741         OS3012210000         0181401220000000000000             00000000000000 00064314422459                    Stella Joana Moreira                                  Rua 2200000      0770600220000000000000000000                                         000059
1AAA            AAA                            AA2644804      20211230 N B        00000009210000            0100001113891401220000000078386         OS3012210000           01401220000000000000             00000000000000 00030570834120               Elza Marlene Vera da Rosa                       Rua Padre Rodolfo00000      0631131200000000000000000000                                         000060
1AAA            AAA                            AA2579186      20211230 N B        00000003230000            0100003563941401220000000098260         OS3012210000           01401220000000000000             00000000000000 00074470543721                   Lorenzo Marcio Barros             Rua Coronel Severino Lucena00000      0580381600000000000000000000                                         000061
9198721121                                                                                                                                                                                                                                                                                                                                                                                               000001