01REMESSA01       COBRANCA2112151450629000174                               987         EXIMIA               0000001                                                                                                                                                                                                                                                                                  200000001
1AAA            AAA                            AA2730489      20220107 N B        00000000000000            0100005469332201220000000011159         OS0701220000         0002201220000000000000             00000000000000 00085236044480  Gabriel Osvaldo Alexandre da Conceicao                      Rua Ismael Benigno00000      0690273250000000000000000000                                         000002
1AAA            AAA                            AA2104529      20220107 N B        00000000000000            0100000951832201220000000097737         OS0701220000         0002201220000000000000             00000000000000 00035290344012                       Henry Theo Araujo                   Travessa Santa Tereza00000      0412105100000000000000000000                                         000003
1AAA            AAA                            AA2723213      20220107 N B        00000002590000            0100000436122201220000000063857         OS0701220000         0092201220000000000000             00000000000000 00011102320633         Julio Oliver Marcelo Corte Real                        Rua Massaranduba00000      0693073000000000000000000000                                         000004
1AAA            AAA                            AA2820549      20220107 N B        00000002690000            0100008575392201220000000007174         OS0701220000           02201220000000000000             00000000000000 00011903491320             Murilo Edson Caue das Neves                        Avenida Jambeiro00000      0689093220000000000000000000                                         000005
1AAA            AAA                            AA2097234      20220107 N B        00000007850000            0100002100212201220000000081148         OS0701220000           02201220000000000000             00000000000000 00031111612269                     Luan Ryan Rodrigues                             Beco Tamisa00000      0690635180000000000000000000                                         000006
1AAA            AAA                            AA2595503      20220107 N B        00000004970000            0100000790812201220000000025993         OS0701220000         0052201220000000000000             00000000000000 00062420361423                      Julio Isaac Santos            Rua Nossa Senhora da Vitoria00000      0650572300000000000000000000                                         000007
1AAA            AAA                            AA2272371      20220107 N B        00000004160000            0100009398852201220000000008937         OS0701220000         0102201220000000000000             00000000000000 00035343377351        Vinicius Henrique Filipe Pereira                        Via dos Narcisos00000      0068053200000000000000000000                                         000008
1AAA            AAA                            AA2917319      20220107 N B        00000000000000            0100009338122201220000000027971         OS0701220000         0002201220000000000000             00000000000000 00026906620789            Roberto Kaique Manoel da Paz                           Rua Projetada00000      0640206600000000000000000000                                         000009
1AAA            AAA                            AA2726562      20220107 N B        00000003610000            0100009590402201220000000079264         OS0701220000         0102201220000000000000             00000000000000 00020811585239               Marlene Sophia Elza Sales                                 Rua 33900000      0605307500000000000000000000                                         000010
1AAA            AAA                            AA2621503      20220107 N B        00000000780000            0100002558102201220000000032673         OS0701220000           02201220000000000000             00000000000000 00011966663420                   Isabel Eliane Freitas                             Rua Xavante00000      0660871700000000000000000000                                         000011
1AAA            AAA                            AA2547626      20220107 N B        00000000000000            0100009064642201220000000026816         OS0701220000           02201220000000000000             00000000000000 00064964216500           Sara Eliane Aparecida Drumond                      Chacara Chacara 1500000      0725791500000000000000000000                                         000012
1AAA            AAA                            AA2924902      20220107 N B        00000005280000            0100004675432201220000000078046         OS0701220000         0092201220000000000000             00000000000000 00013908341825               Yuri Tiago Bruno Oliveira                   Avenida Procopio Rola00000      0689010760000000000000000000                                         000013
1AAA            AAA                            AA2327188      20220107 N B        00000008950000            0100003789682201220000000041422         OS0701220000         0042201220000000000000             00000000000000 00058474964199     Adriana Daniela Alessandra de Paula                         Rua Bons Amigos00000      0699220120000000000000000000                                         000014
1AAA            AAA                            AA2626964      20220107 N B        00000000000000            0100002936802201220000000005314         OS0701220000         0002201220000000000000             00000000000000 00007440910397               Carla Flavia Rosa da Mota             Avenida Daniel de La Touche00000      0650610200000000000000000000                                         000015
1AAA            AAA                            AA2772693      20220107 N B        00000007490000            0100003557162201220000000089992         OS0701220000         0242201220000000000000             00000000000000 00038549882224           Manoel Murilo Sebastiao Moura                   Praca Gudesteu Mendes00000      0360364300000000000000000000                                         000016
1AAA            AAA                            AA2289910      20220107 N B        00000003640000            0100002317262201220000000098826         OS0701220000         0142201220000000000000             00000000000000 00019814477761              Luis Marcio Benedito Sales                            Avenida W00200000      0758051550000000000000000000                                         000017
1AAA            AAA                            AA2220007      20220107 N B        00000000000000            0100004299292201220000000001173         OS0701220000         0002201220000000000000             00000000000000 00002551594804             Vitor Henry Benicio Cardoso                        Rua Julio Guerra00000      0769074140000000000000000000                                         000018
1AAA            AAA                            AA2761225      20220107 N B        00000009470000            0100007846212201220000000015712         OS0701220000         0122201220000000000000             00000000000000 00052926594445                   Gabriel Lucas Cardoso           Rua Transversal Quarenta e Um00000      0238251750000000000000000000                                         000019
1AAA            AAA                            AA2626085      20220107 N B        00000002160000            0100008487532201220000000039716         OS0701220000           02201220000000000000             00000000000000 00061793237980                    Raquel Mirella Brito                                Rua C  200000      0570256480000000000000000000                                         000020
1AAA            AAA                            AA2235100      20220107 N B        00000002800000            0100002913852201220000000029519         OS0701220000           02201220000000000000             00000000000000 00021897530900                  Eloa Sophia Corte Real                          Avenida Cuiaba00000      0769636650000000000000000000                                         000021
1AAA            AAA                            AA2915878      20220107 N B        00000000110000            0100007795502201220000000070644         OS0701220000           02201220000000000000             00000000000000 00072119671028        Nathan Marcelo Leonardo da Rocha                       Rua dos Diamantes00000      0291560220000000000000000000                                         000022
1AAA            AAA                            AA2737882      20220107 N B        00000009830000            0100001453192201220000000071597         OS0701220000         0412201220000000000000             00000000000000 00020378695509              Henrique Erick Renan Costa               Avenida Euclides da Cunha00000      0689012570000000000000000000                                         000023
1AAA            AAA                            AA2933080      20220107 N B        00000000000000            0100008729572201220000000064540         OS0701220000           02201220000000000000             00000000000000 00098275916143                Vicente Antonio da Rocha                         Rua Rio Tulipas00000      0535705100000000000000000000                                         000024
1AAA            AAA                            AA2725093      20220107 N B        00000000000000            0100000315812201220000000037658         OS0701220000         0002201220000000000000             00000000000000 00026280092348                 Murilo Kaique Goncalves    Rua Padre Dorindo de Oliveira Matias00000      0072614400000000000000000000                                         000025
1AAA            AAA                            AA2560670      20220107 N B        00000009390000            0100004946462201220000000083628         OS0701220000           02201220000000000000             00000000000000 00023185177894            Breno Caua Lorenzo Rodrigues                         Rua Coelho Neto00000      0291632410000000000000000000                                         000026
1AAA            AAA                            AA2650820      20220107 N B        00000000000000            0100008622952201220000000006034         OS0701220000           02201220000000000000             00000000000000 00001055696075   Filipe Pedro Henrique Raimundo Barros           Rua Raimundo da Silva Briglia00000      0693125250000000000000000000                                         000027
1AAA            AAA                            AA2812305      20220107 N B        00000000000000            0100007804942201220000000068929         OS0701220000         0002201220000000000000             00000000000000 00018881446022              Ian Mario Julio Corte RealConjunto Residencial Jose Batista de Alm00000      0570257100000000000000000000                                         000028
1AAA            AAA                            AA2673312      20220107 N B        00000000000000            0100004070382201220000000072671         OS0701220000           02201220000000000000             00000000000000 00017615644470              Ayla Jennifer Rita da Cruz            Rua Doutor Francisco Beltrao00000      0855065400000000000000000000                                         000029
1AAA            AAA                            AA2965391      20220107 N B        00000003120000            0100000631652201220000000083553         OS0701220000           02201220000000000000             00000000000000 00034993742428                 Emanuel Lorenzo Moreira        Avenida Delfino Francisco Xavier00000      0306641900000000000000000000                                         000030
1AAA            AAA                            AA2295024      20220107 N B        00000000000000            0100009347092201220000000098632         OS0701220000           02201220000000000000             00000000000000 00027478105009                     Levi Marcio Ribeiro                        Rua Andre Vilain00000      0880251600000000000000000000                                         000031
1AAA            AAA                            AA2265817      20220107 N B        00000000000000            0100009872762201220000000034851         OS0701220000           02201220000000000000             00000000000000 00094593840058             Iago Paulo Vicente da Silva     Rua Professora Marisa Machado David00000      0180222900000000000000000000                                         000032
1AAA            AAA                            AA2909830      20220107 N B        00000000530000            0100003385082201220000000007005         OS0701220000           02201220000000000000             00000000000000 00069814747190                  Eduarda Aparecida Melo                     Rua das Laranjeiras00000      0768115320000000000000000000                                         000033
1AAA            AAA                            AA2693091      20220107 N B        00000008610000            0100007868942201220000000059166         OS0701220000         0352201220000000000000             00000000000000 00076948506984                   Teresinha Lais Mendes                     Rua Joao Lira Braga00000      0588043300000000000000000000                                         000034
1AAA            AAA                            AA2429587      20220107 N B        00000000890000            0100009893772201220000000069915         OS0701220000           02201220000000000000             00000000000000 00002330065167              Alice Amanda Aurora Barros                          Rua Jacob Lyra00000      0133464040000000000000000000                                         000035
1AAA            AAA                            AA2500051      20220107 N B        00000000000000            0100000086692201220000000037294         OS0701220000           02201220000000000000             00000000000000 00035349410989                 Mirella Marcela Barbosa              Rua Maria da Gloria Castro00000      0360603840000000000000000000                                         000036
1AAA            AAA                            AA2293514      20220107 N B        00000000000000            0100003952182201220000000062796         OS0701220000         0002201220000000000000             00000000000000 00031644770407              Henrique Raul Filipe Pires                  Rua Lea Pabst Craveiro00000      0524901300000000000000000000                                         000037
1AAA            AAA                            AA2428125      20220107 N B        00000000000000            0100001453352201220000000094461         OS0701220000         0002201220000000000000             00000000000000 00025503068564           Rebeca Sophia Claudia Cardoso                                   Rua F00000      0249300080000000000000000000                                         000038
1AAA            AAA                            AA2752172      20220107 N B        00000000000000            0100005907362201220000000092249         OS0701220000         0002201220000000000000             00000000000000 00005435344212                   Camila Elaine Peixoto                      Rua Jardim do Eden00000      0690395200000000000000000000                                         000039
1AAA            AAA                            AA2450584      20220107 N B        00000000000000            0100002781572201220000000094047         OS0701220000           02201220000000000000             00000000000000 00055423211271                     Maite Sophie Galvao                                   Rua 400000      0778148060000000000000000000                                         000040
1AAA            AAA                            AA2283468      20220107 N B        00000006980000            0100007088122201220000000083198         OS0701220000           02201220000000000000             00000000000000 00070751126195         Rosangela Maya Mariah Goncalves                        Travessa Anhanga00000      0417705700000000000000000000                                         000041
1AAA            AAA                            AA2875098      20220107 N B        00000001480000            0100000633172201220000000026361         OS0701220000           02201220000000000000             00000000000000 00062801611026             Jorge Severino Calebe Porto                           Rua Luiz Noya00000      0261131500000000000000000000                                         000042
1AAA            AAA                            AA2356012      20220107 N B        00000000000000            0100009179672201220000000069840         OS0701220000         0002201220000000000000             00000000000000 00088630820659               Diego Samuel Nelson Ramos           Travessa Isaac Jose Rodrigues00000      0490374560000000000000000000                                         000043
1AAA            AAA                            AA2463919      20220107 N B        00000009110000            0100003649162201220000000020477         OS0701220000         0102201220000000000000             00000000000000 00096699265725                    Leandro Ryan Moreira                  Rua Adolpho Bressanini00000      0890705440000000000000000000                                         000044
1AAA            AAA                            AA2869680      20220107 N B        00000006360000            0100001092912201220000000012947         OS0701220000         0052201220000000000000             00000000000000 00019357524053                     Leonardo Luan Porto                   Rua Leocadio Carlesso00000      0291954330000000000000000000                                         000045
1AAA            AAA                            AA2582161      20220107 N B        00000000620000            0100002686732201220000000007085         OS0701220000         0182201220000000000000             00000000000000 00001439066230                     Lucca Daniel Mendes                     Rua Ataide Henrique00000      0573087180000000000000000000                                         000046
1AAA            AAA                            AA2052551      20220107 N B        00000009230000            0100007961422201220000000099371         OS0701220000           02201220000000000000             00000000000000 00041006509909        Eduarda Maya Pietra da Conceicao        Alameda Domingos Afonso Mafrense00000      0640047700000000000000000000                                         000047
1AAA            AAA                            AA2097026      20220107 N B        00000000000000            0100002925952201220000000068011         OS0701220000         0002201220000000000000             00000000000000 00094224438810          Nicolas Miguel Augusto da Cruz                  Avenida Venezuela 137800000      0693049700000000000000000000                                         000048
1AAA            AAA                            AA2954884      20220107 N B        00000000000000            0100002030842201220000000079858         OS0701220000         0002201220000000000000             00000000000000 00041735817422              Alicia Bianca Alice Barros                     Rua Francisco Pinto00000      0576083000000000000000000000                                         000049
1AAA            AAA                            AA2883981      20220107 N B        00000004170000            0100000989502201220000000050458         OS0701220000           02201220000000000000             00000000000000 00039710763199               Elza Kamilly Sara Moreira                       Rua Dois Coracoes00000      0291442750000000000000000000                                         000050
1AAA            AAA                            AA2342143      20220107 N B        00000000000000            0100002914722201220000000080857         OS0701220000         0002201220000000000000             00000000000000 00001080358080    Murilo Vicente Pedro Henrique Vieira                    Travessa da Soledade00000      0668110250000000000000000000                                         000051
1AAA            AAA                            AA2687094      20220107 N B        00000001580000            0100008783632201220000000058514         OS0701220000           02201220000000000000             00000000000000 00085423737230               Alessandra Sophia da Cruz                             Vila Casais00000      0401007800000000000000000000                                         000052
1AAA            AAA                            AA2937407      20220107 N B        00000000000000            0100004401972201220000000066568         OS0701220000         0002201220000000000000             00000000000000 00072049352760          Laura Brenda Sebastiana Farias                1 Travessa Campos Franca00000      0407501080000000000000000000                                         000053
1AAA            AAA                            AA2154810      20220107 N B        00000000000000            0100007324702201220000000096460         OS0701220000         0002201220000000000000             00000000000000 00087846630814                Fabiana Silvana Oliveira                  Beco Carpinteiro Peres00000      0690206900000000000000000000                                         000054
1AAA            AAA                            AA2509483      20220107 N B        00000004500000            0100006201332201220000000045272         OS0701220000         0172201220000000000000             00000000000000 00056804649265               Julia Alessandra Silveira                Rua Antonio Jose de Melo00000      0596314810000000000000000000                                         000055
1AAA            AAA                            AA2342815      20220107 N B        00000000000000            0100000510222201220000000008893         OS0701220000           02201220000000000000             00000000000000 00086603338700           Anthony Victor Benicio Araujo                         Estrada Parolin00000      0870477710000000000000000000                                         000056
1AAA            AAA                            AA2248193      20220107 N B        00000001130000            0100004592342201220000000002055         OS0701220000         0012201220000000000000             00000000000000 00028742622859               Noah Victor Luis Carvalho                            Rua do Cravo00000      0768078740000000000000000000                                         000057
1AAA            AAA                            AA2412022      20220107 N B        00000000000000            0100007917152201220000000023045         OS0701220000         0002201220000000000000             00000000000000 00076557185470              Marcio Luis Lorenzo Aragao                Quadra 207 Sul Alameda 500000      0770152980000000000000000000                                         000058
1AAA            AAA                            AA2540832      20220107 N B        00000004350000            0100008185462201220000000092737         OS0701220000           02201220000000000000             00000000000000 00064314422459                    Stella Joana Moreira                                  Rua 2200000      0770600220000000000000000000                                         000059
1AAA            AAA                            AA2794357      20220107 N B        00000000000000            0100002725542201220000000094693         OS0701220000           02201220000000000000             00000000000000 00030570834120               Elza Marlene Vera da Rosa                       Rua Padre Rodolfo00000      0631131200000000000000000000                                         000060
1AAA            AAA                            AA2847345      20220107 N B        00000002860000            0100004633452201220000000013410         OS0701220000           02201220000000000000             00000000000000 00074470543721                   Lorenzo Marcio Barros             Rua Coronel Severino Lucena00000      0580381600000000000000000000                                         000061
9198721121                                                                                                                                                                                                                                                                                                                                                                                               000001