01REMESSA01       COBRANCA2112151450629000174                               987         EXIMIA               0000001                                                                                                                                                                                                                                                                                  200000001
1AAA            AAA                            AA2583450      20211231 N B        00000000000000            0100004315221501220000000016544         OS3112210000           01501220000000000000             00000000000000 00085236044480  Gabriel Osvaldo Alexandre da Conceicao                      Rua Ismael Benigno00000      0690273250000000000000000000                                         000002
1AAA            AAA                            AA2392232      20211231 N B        00000003350000            0100005183411501220000000006406         OS3112210000           01501220000000000000             00000000000000 00035290344012                       Henry Theo Araujo                   Travessa Santa Tereza00000      0412105100000000000000000000                                         000003
1AAA            AAA                            AA2123839      20211231 N B        00000000000000            0100002887121501220000000012948         OS3112210000         0001501220000000000000             00000000000000 00011102320633         Julio Oliver Marcelo Corte Real                        Rua Massaranduba00000      0693073000000000000000000000                                         000004
1AAA            AAA                            AA2114608      20211231 N B        00000005270000            0100002780911501220000000005365         OS3112210000         0071501220000000000000             00000000000000 00011903491320             Murilo Edson Caue das Neves                        Avenida Jambeiro00000      0689093220000000000000000000                                         000005
1AAA            AAA                            AA2833804      20211231 N B        00000006360000            0100000107801501220000000006232         OS3112210000         0011501220000000000000             00000000000000 00031111612269                     Luan Ryan Rodrigues                             Beco Tamisa00000      0690635180000000000000000000                                         000006
1AAA            AAA                            AA2231764      20211231 N B        00000000000000            0100004495481501220000000056180         OS3112210000         0001501220000000000000             00000000000000 00062420361423                      Julio Isaac Santos            Rua Nossa Senhora da Vitoria00000      0650572300000000000000000000                                         000007
1AAA            AAA                            AA2054069      20211231 N B        00000009980000            0100002783861501220000000099173         OS3112210000         0341501220000000000000             00000000000000 00035343377351        Vinicius Henrique Filipe Pereira                        Via dos Narcisos00000      0068053200000000000000000000                                         000008
1AAA            AAA                            AA2524596      20211231 N B        00000003810000            0100006903861501220000000002814         OS3112210000         0041501220000000000000             00000000000000 00026906620789            Roberto Kaique Manoel da Paz                           Rua Projetada00000      0640206600000000000000000000                                         000009
1AAA            AAA                            AA2858889      20211231 N B        00000007260000            0100003586771501220000000012065         OS3112210000           01501220000000000000             00000000000000 00020811585239               Marlene Sophia Elza Sales                                 Rua 33900000      0605307500000000000000000000                                         000010
1AAA            AAA                            AA2561563      20211231 N B        00000000670000            0100004913621501220000000033797         OS3112210000         0021501220000000000000             00000000000000 00011966663420                   Isabel Eliane Freitas                             Rua Xavante00000      0660871700000000000000000000                                         000011
1AAA            AAA                            AA2927028      20211231 N B        00000000230000            0100009806371501220000000040056         OS3112210000         0001501220000000000000             00000000000000 00064964216500           Sara Eliane Aparecida Drumond                      Chacara Chacara 1500000      0725791500000000000000000000                                         000012
1AAA            AAA                            AA2941838      20211231 N B        00000005450000            0100005624641501220000000001215         OS3112210000         0241501220000000000000             00000000000000 00013908341825               Yuri Tiago Bruno Oliveira                   Avenida Procopio Rola00000      0689010760000000000000000000                                         000013
1AAA            AAA                            AA2532104      20211231 N B        00000000000000            0100008696601501220000000045560         OS3112210000         0001501220000000000000             00000000000000 00058474964199     Adriana Daniela Alessandra de Paula                         Rua Bons Amigos00000      0699220120000000000000000000                                         000014
1AAA            AAA                            AA2514925      20211231 N B        00000006320000            0100000018351501220000000059998         OS3112210000           01501220000000000000             00000000000000 00007440910397               Carla Flavia Rosa da Mota             Avenida Daniel de La Touche00000      0650610200000000000000000000                                         000015
1AAA            AAA                            AA2980698      20211231 N B        00000000660000            0100007756561501220000000002888         OS3112210000           01501220000000000000             00000000000000 00038549882224           Manoel Murilo Sebastiao Moura                   Praca Gudesteu Mendes00000      0360364300000000000000000000                                         000016
1AAA            AAA                            AA2020109      20211231 N B        00000000000000            0100009593421501220000000046488         OS3112210000           01501220000000000000             00000000000000 00019814477761              Luis Marcio Benedito Sales                            Avenida W00200000      0758051550000000000000000000                                         000017
1AAA            AAA                            AA2554720      20211231 N B        00000008180000            0100007240361501220000000003684         OS3112210000           01501220000000000000             00000000000000 00002551594804             Vitor Henry Benicio Cardoso                        Rua Julio Guerra00000      0769074140000000000000000000                                         000018
1AAA            AAA                            AA2072476      20211231 N B        00000000000000            0100005774121501220000000085265         OS3112210000           01501220000000000000             00000000000000 00052926594445                   Gabriel Lucas Cardoso           Rua Transversal Quarenta e Um00000      0238251750000000000000000000                                         000019
1AAA            AAA                            AA2755702      20211231 N B        00000002220000            0100003479441501220000000060819         OS3112210000           01501220000000000000             00000000000000 00061793237980                    Raquel Mirella Brito                                Rua C  200000      0570256480000000000000000000                                         000020
1AAA            AAA                            AA2897266      20211231 N B        00000000000000            0100006514361501220000000010747         OS3112210000         0001501220000000000000             00000000000000 00021897530900                  Eloa Sophia Corte Real                          Avenida Cuiaba00000      0769636650000000000000000000                                         000021
1AAA            AAA                            AA2437558      20211231 N B        00000000890000            0100000621481501220000000037932         OS3112210000         0021501220000000000000             00000000000000 00072119671028        Nathan Marcelo Leonardo da Rocha                       Rua dos Diamantes00000      0291560220000000000000000000                                         000022
1AAA            AAA                            AA2084506      20211231 N B        00000006730000            0100001102291501220000000098840         OS3112210000         0291501220000000000000             00000000000000 00020378695509              Henrique Erick Renan Costa               Avenida Euclides da Cunha00000      0689012570000000000000000000                                         000023
1AAA            AAA                            AA2592015      20211231 N B        00000002340000            0100003876041501220000000070526         OS3112210000         0031501220000000000000             00000000000000 00098275916143                Vicente Antonio da Rocha                         Rua Rio Tulipas00000      0535705100000000000000000000                                         000024
1AAA            AAA                            AA2458858      20211231 N B        00000003350000            0100007461961501220000000066774         OS3112210000         0121501220000000000000             00000000000000 00026280092348                 Murilo Kaique Goncalves    Rua Padre Dorindo de Oliveira Matias00000      0072614400000000000000000000                                         000025
1AAA            AAA                            AA2788318      20211231 N B        00000000000000            0100005392751501220000000008884         OS3112210000         0001501220000000000000             00000000000000 00023185177894            Breno Caua Lorenzo Rodrigues                         Rua Coelho Neto00000      0291632410000000000000000000                                         000026
1AAA            AAA                            AA2657313      20211231 N B        00000007860000            0100002318651501220000000020067         OS3112210000         0121501220000000000000             00000000000000 00001055696075   Filipe Pedro Henrique Raimundo Barros           Rua Raimundo da Silva Briglia00000      0693125250000000000000000000                                         000027
1AAA            AAA                            AA2849652      20211231 N B        00000000000000            0100008640961501220000000049315         OS3112210000         0001501220000000000000             00000000000000 00018881446022              Ian Mario Julio Corte RealConjunto Residencial Jose Batista de Alm00000      0570257100000000000000000000                                         000028
1AAA            AAA                            AA2041042      20211231 N B        00000000000000            0100001328141501220000000023510         OS3112210000         0001501220000000000000             00000000000000 00017615644470              Ayla Jennifer Rita da Cruz            Rua Doutor Francisco Beltrao00000      0855065400000000000000000000                                         000029
1AAA            AAA                            AA2751810      20211231 N B        00000000000000            0100005054641501220000000070494         OS3112210000         0001501220000000000000             00000000000000 00034993742428                 Emanuel Lorenzo Moreira        Avenida Delfino Francisco Xavier00000      0306641900000000000000000000                                         000030
1AAA            AAA                            AA2452994      20211231 N B        00000002200000            0100009031081501220000000020632         OS3112210000         0081501220000000000000             00000000000000 00027478105009                     Levi Marcio Ribeiro                        Rua Andre Vilain00000      0880251600000000000000000000                                         000031
1AAA            AAA                            AA2611497      20211231 N B        00000009360000            0100000577611501220000000098956         OS3112210000           01501220000000000000             00000000000000 00094593840058             Iago Paulo Vicente da Silva     Rua Professora Marisa Machado David00000      0180222900000000000000000000                                         000032
1AAA            AAA                            AA2257572      20211231 N B        00000003600000            0100004581971501220000000088876         OS3112210000           01501220000000000000             00000000000000 00069814747190                  Eduarda Aparecida Melo                     Rua das Laranjeiras00000      0768115320000000000000000000                                         000033
1AAA            AAA                            AA2899110      20211231 N B        00000003410000            0100008034471501220000000005951         OS3112210000         0091501220000000000000             00000000000000 00076948506984                   Teresinha Lais Mendes                     Rua Joao Lira Braga00000      0588043300000000000000000000                                         000034
1AAA            AAA                            AA2034439      20211231 N B        00000006130000            0100008038751501220000000071663         OS3112210000           01501220000000000000             00000000000000 00002330065167              Alice Amanda Aurora Barros                          Rua Jacob Lyra00000      0133464040000000000000000000                                         000035
1AAA            AAA                            AA2488789      20211231 N B        00000000800000            0100002906821501220000000099532         OS3112210000           01501220000000000000             00000000000000 00035349410989                 Mirella Marcela Barbosa              Rua Maria da Gloria Castro00000      0360603840000000000000000000                                         000036
1AAA            AAA                            AA2293143      20211231 N B        00000006320000            0100003945461501220000000058566         OS3112210000         0211501220000000000000             00000000000000 00031644770407              Henrique Raul Filipe Pires                  Rua Lea Pabst Craveiro00000      0524901300000000000000000000                                         000037
1AAA            AAA                            AA2048975      20211231 N B        00000000550000            0100000941761501220000000004948         OS3112210000         0011501220000000000000             00000000000000 00025503068564           Rebeca Sophia Claudia Cardoso                                   Rua F00000      0249300080000000000000000000                                         000038
1AAA            AAA                            AA2789794      20211231 N B        00000000000000            0100002652601501220000000048590         OS3112210000           01501220000000000000             00000000000000 00005435344212                   Camila Elaine Peixoto                      Rua Jardim do Eden00000      0690395200000000000000000000                                         000039
1AAA            AAA                            AA2591260      20211231 N B        00000000000000            0100004700171501220000000043046         OS3112210000           01501220000000000000             00000000000000 00055423211271                     Maite Sophie Galvao                                   Rua 400000      0778148060000000000000000000                                         000040
1AAA            AAA                            AA2621680      20211231 N B        00000000000000            0100001476721501220000000003725         OS3112210000           01501220000000000000             00000000000000 00070751126195         Rosangela Maya Mariah Goncalves                        Travessa Anhanga00000      0417705700000000000000000000                                         000041
1AAA            AAA                            AA2739896      20211231 N B        00000003670000            0100009888001501220000000088936         OS3112210000           01501220000000000000             00000000000000 00062801611026             Jorge Severino Calebe Porto                           Rua Luiz Noya00000      0261131500000000000000000000                                         000042
1AAA            AAA                            AA2310337      20211231 N B        00000002820000            0100000397981501220000000070757         OS3112210000           01501220000000000000             00000000000000 00088630820659               Diego Samuel Nelson Ramos           Travessa Isaac Jose Rodrigues00000      0490374560000000000000000000                                         000043
1AAA            AAA                            AA2955923      20211231 N B        00000000000000            0100002253161501220000000071171         OS3112210000           01501220000000000000             00000000000000 00096699265725                    Leandro Ryan Moreira                  Rua Adolpho Bressanini00000      0890705440000000000000000000                                         000044
1AAA            AAA                            AA2262961      20211231 N B        00000000000000            0100002946751501220000000085253         OS3112210000         0001501220000000000000             00000000000000 00019357524053                     Leonardo Luan Porto                   Rua Leocadio Carlesso00000      0291954330000000000000000000                                         000045
1AAA            AAA                            AA2732014      20211231 N B        00000000000000            0100000060901501220000000008098         OS3112210000         0001501220000000000000             00000000000000 00001439066230                     Lucca Daniel Mendes                     Rua Ataide Henrique00000      0573087180000000000000000000                                         000046
1AAA            AAA                            AA2927062      20211231 N B        00000000000000            0100002640011501220000000046581         OS3112210000           01501220000000000000             00000000000000 00041006509909        Eduarda Maya Pietra da Conceicao        Alameda Domingos Afonso Mafrense00000      0640047700000000000000000000                                         000047
1AAA            AAA                            AA2080522      20211231 N B        00000000000000            0100007868081501220000000069858         OS3112210000           01501220000000000000             00000000000000 00094224438810          Nicolas Miguel Augusto da Cruz                  Avenida Venezuela 137800000      0693049700000000000000000000                                         000048
1AAA            AAA                            AA2082321      20211231 N B        00000007460000            0100002057001501220000000095177         OS3112210000           01501220000000000000             00000000000000 00041735817422              Alicia Bianca Alice Barros                     Rua Francisco Pinto00000      0576083000000000000000000000                                         000049
1AAA            AAA                            AA2022730      20211231 N B        00000006980000            0100002403361501220000000093137         OS3112210000         0231501220000000000000             00000000000000 00039710763199               Elza Kamilly Sara Moreira                       Rua Dois Coracoes00000      0291442750000000000000000000                                         000050
1AAA            AAA                            AA2469157      20211231 N B        00000000000000            0100007706001501220000000092711         OS3112210000           01501220000000000000             00000000000000 00001080358080    Murilo Vicente Pedro Henrique Vieira                    Travessa da Soledade00000      0668110250000000000000000000                                         000051
1AAA            AAA                            AA2883240      20211231 N B        00000000000000            0100004642221501220000000022140         OS3112210000         0001501220000000000000             00000000000000 00085423737230               Alessandra Sophia da Cruz                             Vila Casais00000      0401007800000000000000000000                                         000052
1AAA            AAA                            AA2506370      20211231 N B        00000000000000            0100005625461501220000000054882         OS3112210000           01501220000000000000             00000000000000 00072049352760          Laura Brenda Sebastiana Farias                1 Travessa Campos Franca00000      0407501080000000000000000000                                         000053
1AAA            AAA                            AA2871035      20211231 N B        00000004830000            0100006507471501220000000069670         OS3112210000           01501220000000000000             00000000000000 00087846630814                Fabiana Silvana Oliveira                  Beco Carpinteiro Peres00000      0690206900000000000000000000                                         000054
1AAA            AAA                            AA2372905      20211231 N B        00000000000000            0100007243091501220000000075261         OS3112210000         0001501220000000000000             00000000000000 00056804649265               Julia Alessandra Silveira                Rua Antonio Jose de Melo00000      0596314810000000000000000000                                         000055
1AAA            AAA                            AA2295596      20211231 N B        00000001760000            0100003843211501220000000079713         OS3112210000           01501220000000000000             00000000000000 00086603338700           Anthony Victor Benicio Araujo                         Estrada Parolin00000      0870477710000000000000000000                                         000056
1AAA            AAA                            AA2723062      20211231 N B        00000003260000            0100005578271501220000000042397         OS3112210000           01501220000000000000             00000000000000 00028742622859               Noah Victor Luis Carvalho                            Rua do Cravo00000      0768078740000000000000000000                                         000057
1AAA            AAA                            AA2833313      20211231 N B        00000006410000            0100000258001501220000000091722         OS3112210000           01501220000000000000             00000000000000 00076557185470              Marcio Luis Lorenzo Aragao                Quadra 207 Sul Alameda 500000      0770152980000000000000000000                                         000058
1AAA            AAA                            AA2909377      20211231 N B        00000007370000            0100009046481501220000000003308         OS3112210000           01501220000000000000             00000000000000 00064314422459                    Stella Joana Moreira                                  Rua 2200000      0770600220000000000000000000                                         000059
1AAA            AAA                            AA2644856      20211231 N B        00000001430000            0100002128491501220000000086822         OS3112210000           01501220000000000000             00000000000000 00030570834120               Elza Marlene Vera da Rosa                       Rua Padre Rodolfo00000      0631131200000000000000000000                                         000060
1AAA            AAA                            AA2908356      20211231 N B        00000006480000            0100002576981501220000000087875         OS3112210000           01501220000000000000             00000000000000 00074470543721                   Lorenzo Marcio Barros             Rua Coronel Severino Lucena00000      0580381600000000000000000000                                         000061
9198721121                                                                                                                                                                                                                                                                                                                                                                                               000001